@book{geometria,
  author = {Lehmann, Charles H},
  title = {Geometr\'ia  anal√≠tica},
  publisher = {LIMUSA},
  year = 1965
}

@misc{repositorio,
  author = {Anthony Haziel},
  title = {{Repositorio de Github}},
  howpublished = "\url{https://github.com/Anthony1606/matematicascomputacionales}",
  year = {2021}
}